%YAML 1.1
%TAG !u! tag:unity3d.com,2011:
--- !u!1001 &100100000
Prefab:
  m_ObjectHideFlags: 1
  serializedVersion: 2
  m_Modification:
    m_TransformParent: {fileID: 0}
    m_Modifications: []
    m_RemovedComponents: []
  m_SourcePrefab: {fileID: 0}
  m_RootGameObject: {fileID: 1554365163682342}
  m_IsPrefabAsset: 1
--- !u!1 &1554365163682342
GameObject:
  m_ObjectHideFlags: 0
  m_CorrespondingSourceObject: {fileID: 0}
  m_PrefabInternal: {fileID: 100100000}
  serializedVersion: 6
  m_Component:
  - component: {fileID: 4559487672638878}
  - component: {fileID: 212081949486304856}
  - component: {fileID: 60718237882599736}
  - component: {fileID: 50279887638976478}
  - component: {fileID: 114605316347672306}
  - component: {fileID: 114309832746459642}
  m_Layer: 0
  m_Name: large-asteroid
  m_TagString: Large Asteroid
  m_Icon: {fileID: 0}
  m_NavMeshLayer: 0
  m_StaticEditorFlags: 0
  m_IsActive: 1
--- !u!4 &4559487672638878
Transform:
  m_ObjectHideFlags: 1
  m_CorrespondingSourceObject: {fileID: 0}
  m_PrefabInternal: {fileID: 100100000}
  m_GameObject: {fileID: 1554365163682342}
  m_LocalRotation: {x: 0, y: 0, z: 0, w: 1}
  m_LocalPosition: {x: 0, y: 0, z: 0}
  m_LocalScale: {x: 1, y: 1, z: 1}
  m_Children: []
  m_Father: {fileID: 0}
  m_RootOrder: 0
  m_LocalEulerAnglesHint: {x: 0, y: 0, z: 0}
--- !u!50 &50279887638976478
Rigidbody2D:
  serializedVersion: 4
  m_ObjectHideFlags: 1
  m_CorrespondingSourceObject: {fileID: 0}
  m_PrefabInternal: {fileID: 100100000}
  m_GameObject: {fileID: 1554365163682342}
  m_BodyType: 0
  m_Simulated: 1
  m_UseFullKinematicContacts: 0
  m_UseAutoMass: 0
  m_Mass: 1
  m_LinearDrag: 0
  m_AngularDrag: 0.05
  m_GravityScale: 0
  m_Material: {fileID: 0}
  m_Interpolate: 0
  m_SleepingMode: 1
  m_CollisionDetection: 0
  m_Constraints: 0
--- !u!60 &60718237882599736
PolygonCollider2D:
  m_ObjectHideFlags: 1
  m_CorrespondingSourceObject: {fileID: 0}
  m_PrefabInternal: {fileID: 100100000}
  m_GameObject: {fileID: 1554365163682342}
  m_Enabled: 1
  m_Density: 1
  m_Material: {fileID: 6200000, guid: 5eaa7b416d25d8d448896b7c008484f6, type: 2}
  m_IsTrigger: 0
  m_UsedByEffector: 0
  m_UsedByComposite: 0
  m_Offset: {x: 0, y: 0}
  m_SpriteTilingProperty:
    border: {x: 0, y: 0, z: 0, w: 0}
    pivot: {x: 0.5, y: 0.5}
    oldSize: {x: 3, y: 3}
    newSize: {x: 3, y: 3}
    adaptiveTilingThreshold: 0.5
    drawMode: 0
    adaptiveTiling: 0
  m_AutoTiling: 0
  m_Points:
    m_Paths:
    - - {x: 0.64, y: -0.77}
      - {x: 0.81, y: -0.47}
      - {x: 0.94, y: -0.24}
      - {x: 1.11, y: 0.06}
      - {x: 1.1899999, y: 0.21}
      - {x: 1.1899999, y: 0.24}
      - {x: 0.96999997, y: 0.66999996}
      - {x: 1, y: 0.71}
      - {x: 1.05, y: 0.78}
      - {x: 1.0699999, y: 0.84}
      - {x: 1.05, y: 0.87}
      - {x: 0.84999996, y: 0.97999996}
      - {x: 0.76, y: 1.03}
      - {x: 0.65, y: 1.09}
      - {x: 0.47, y: 1.1899999}
      - {x: 0.28, y: 1.29}
      - {x: 0.25, y: 1.29}
      - {x: -0.21, y: 1.1}
      - {x: -0.74, y: 0.88}
      - {x: -0.85999995, y: 0.83}
      - {x: -0.98999995, y: 0.77}
      - {x: -1.01, y: 0.68}
      - {x: -1.0699999, y: 0.42999998}
      - {x: -1.17, y: 0}
      - {x: -1.18, y: -0.07}
      - {x: -1.11, y: -0.11}
      - {x: -0.81, y: -0.19999999}
      - {x: -0.68, y: -0.24}
      - {x: -0.28, y: -0.35999998}
      - {x: -0.21, y: -0.39}
      - {x: -0.17, y: -0.48}
      - {x: -0.02, y: -0.81}
      - {x: 0.089999996, y: -1.03}
      - {x: 0.089999996, y: -1.05}
      - {x: 0.19, y: -1.27}
      - {x: 0.25, y: -1.39}
      - {x: 0.26999998, y: -1.39}
      - {x: 0.29999998, y: -1.37}
      - {x: 0.39, y: -1.2099999}
      - {x: 0.42999998, y: -1.14}
    - - {x: 0.25, y: -1.24}
      - {x: 0.099999994, y: -0.90999997}
      - {x: 0.04, y: -0.78}
      - {x: -0.06, y: -0.58}
      - {x: -0.06, y: -0.56}
      - {x: -0.16, y: -0.34}
      - {x: -0.19, y: -0.32}
      - {x: -0.24, y: -0.29999998}
      - {x: -0.64, y: -0.17999999}
      - {x: -0.87, y: -0.11}
      - {x: -0.96999997, y: -0.08}
      - {x: -1.1, y: -0.04}
      - {x: -1.09, y: 0.04}
      - {x: -1.0799999, y: 0.08}
      - {x: -1.01, y: 0.38}
      - {x: -0.96, y: 0.59999996}
      - {x: -0.93, y: 0.72999996}
      - {x: -0.9, y: 0.74}
      - {x: -0.65999997, y: 0.84}
      - {x: -0.08, y: 1.0799999}
      - {x: 0.16, y: 1.18}
      - {x: 0.26, y: 1.23}
      - {x: 0.35, y: 1.17}
      - {x: 0.45999998, y: 1.11}
      - {x: 0.64, y: 1.01}
      - {x: 0.84, y: 0.9}
      - {x: 1, y: 0.83}
      - {x: 0.96999997, y: 0.78999996}
      - {x: 0.91999996, y: 0.7}
      - {x: 0.90999997, y: 0.65999997}
      - {x: 1.13, y: 0.22999999}
      - {x: 1.0799999, y: 0.16}
      - {x: 0.90999997, y: -0.14}
      - {x: 0.82, y: -0.29999998}
      - {x: 0.78, y: -0.37}
      - {x: 0.61, y: -0.66999996}
      - {x: 0.48, y: -0.9}
      - {x: 0.31, y: -1.1999999}
      - {x: 0.26999998, y: -1.29}
--- !u!114 &114309832746459642
MonoBehaviour:
  m_ObjectHideFlags: 1
  m_CorrespondingSourceObject: {fileID: 0}
  m_PrefabInternal: {fileID: 100100000}
  m_GameObject: {fileID: 1554365163682342}
  m_Enabled: 1
  m_EditorHideFlags: 0
  m_Script: {fileID: 11500000, guid: 64bc8f8cc40fc324bb11ef3dbda71c16, type: 3}
  m_Name: 
  m_EditorClassIdentifier: 
  destroy: {fileID: 8300000, guid: 372417e9340f3214384efc5c12493b3b, type: 3}
  smallAsteroid: {fileID: 1682206337774902, guid: 5e5c9e9ea370b014e862f8a0fa631327,
    type: 2}
--- !u!114 &114605316347672306
MonoBehaviour:
  m_ObjectHideFlags: 1
  m_CorrespondingSourceObject: {fileID: 0}
  m_PrefabInternal: {fileID: 100100000}
  m_GameObject: {fileID: 1554365163682342}
  m_Enabled: 1
  m_EditorHideFlags: 0
  m_Script: {fileID: 11500000, guid: be88acf30971c41478eed75e2c61afa7, type: 3}
  m_Name: 
  m_EditorClassIdentifier: 
--- !u!212 &212081949486304856
SpriteRenderer:
  m_ObjectHideFlags: 1
  m_CorrespondingSourceObject: {fileID: 0}
  m_PrefabInternal: {fileID: 100100000}
  m_GameObject: {fileID: 1554365163682342}
  m_Enabled: 1
  m_CastShadows: 0
  m_ReceiveShadows: 0
  m_DynamicOccludee: 1
  m_MotionVectors: 1
  m_LightProbeUsage: 1
  m_ReflectionProbeUsage: 1
  m_RenderingLayerMask: 4294967295
  m_Materials:
  - {fileID: 10754, guid: 0000000000000000f000000000000000, type: 0}
  m_StaticBatchInfo:
    firstSubMesh: 0
    subMeshCount: 0
  m_StaticBatchRoot: {fileID: 0}
  m_ProbeAnchor: {fileID: 0}
  m_LightProbeVolumeOverride: {fileID: 0}
  m_ScaleInLightmap: 1
  m_PreserveUVs: 0
  m_IgnoreNormalsForChartDetection: 0
  m_ImportantGI: 0
  m_StitchLightmapSeams: 0
  m_SelectedEditorRenderState: 0
  m_MinimumChartSize: 4
  m_AutoUVMaxDistance: 0.5
  m_AutoUVMaxAngle: 89
  m_LightmapParameters: {fileID: 0}
  m_SortingLayerID: 0
  m_SortingLayer: 0
  m_SortingOrder: 0
  m_Sprite: {fileID: 21300000, guid: 5199f6dee9cf6f946b474aad78229c79, type: 3}
  m_Color: {r: 1, g: 1, b: 1, a: 1}
  m_FlipX: 0
  m_FlipY: 0
  m_DrawMode: 0
  m_Size: {x: 3, y: 3}
  m_AdaptiveModeThreshold: 0.5
  m_SpriteTileMode: 0
  m_WasSpriteAssigned: 1
  m_MaskInteraction: 0
  m_SpriteSortPoint: 0
